%YAML 1.1
%TAG !u! tag:unity3d.com,2011:
--- !u!29 &1
SceneSettings:
  m_ObjectHideFlags: 0
  m_PVSData: 
  m_PVSObjectsArray: []
  m_PVSPortalsArray: []
  m_OcclusionBakeSettings:
    smallestOccluder: 5
    smallestHole: .25
    backfaceThreshold: 100
--- !u!104 &2
RenderSettings:
  m_ObjectHideFlags: 0
  serializedVersion: 6
  m_Fog: 0
  m_FogColor: {r: .5, g: .5, b: .5, a: 1}
  m_FogMode: 3
  m_FogDensity: .00999999978
  m_LinearFogStart: 0
  m_LinearFogEnd: 300
  m_AmbientSkyColor: {r: .211999997, g: .226999998, b: .259000003, a: 1}
  m_AmbientEquatorColor: {r: .114, g: .125, b: .133000001, a: 1}
  m_AmbientGroundColor: {r: .0469999984, g: .0430000015, b: .0350000001, a: 1}
  m_AmbientIntensity: 0
  m_AmbientMode: 0
  m_SkyboxMaterial: {fileID: 10304, guid: 0000000000000000f000000000000000, type: 0}
  m_HaloStrength: .5
  m_FlareStrength: 1
  m_FlareFadeSpeed: 3
  m_HaloTexture: {fileID: 0}
  m_SpotCookie: {fileID: 10001, guid: 0000000000000000e000000000000000, type: 0}
  m_DefaultReflectionMode: 0
  m_DefaultReflectionResolution: 128
  m_ReflectionBounces: 1
  m_ReflectionIntensity: 0
  m_CustomReflection: {fileID: 0}
  m_Sun: {fileID: 0}
--- !u!157 &3
LightmapSettings:
  m_ObjectHideFlags: 0
  serializedVersion: 5
  m_GIWorkflowMode: 0
  m_LightmapsMode: 1
  m_GISettings:
    serializedVersion: 2
    m_BounceScale: 1
    m_IndirectOutputScale: 1
    m_AlbedoBoost: 1
    m_TemporalCoherenceThreshold: 1
    m_EnvironmentLightingMode: 0
    m_EnableBakedLightmaps: 1
    m_EnableRealtimeLightmaps: 1
  m_LightmapEditorSettings:
    serializedVersion: 3
    m_Resolution: 2
    m_BakeResolution: 40
    m_TextureWidth: 1024
    m_TextureHeight: 1024
    m_AOMaxDistance: 1
    m_Padding: 2
    m_CompAOExponent: 0
    m_LightmapParameters: {fileID: 0}
    m_TextureCompression: 1
    m_FinalGather: 0
    m_FinalGatherRayCount: 1024
    m_ReflectionCompression: 2
  m_LightmapSnapshot: {fileID: 0}
  m_RuntimeCPUUsage: 25
--- !u!196 &4
NavMeshSettings:
  serializedVersion: 2
  m_ObjectHideFlags: 0
  m_BuildSettings:
    serializedVersion: 2
    agentRadius: .5
    agentHeight: 2
    agentSlope: 45
    agentClimb: .400000006
    ledgeDropHeight: 0
    maxJumpAcrossDistance: 0
    accuratePlacement: 0
    minRegionArea: 2
    cellSize: .166666672
    manualCellSize: 0
  m_NavMeshData: {fileID: 0}
--- !u!4 &42748434 stripped
Transform:
  m_PrefabParentObject: {fileID: 464058, guid: a8d4d9ed30b4b874cbdf4acbcbec0b17, type: 2}
  m_PrefabInternal: {fileID: 50187147}
--- !u!1001 &50187147
Prefab:
  m_ObjectHideFlags: 0
  serializedVersion: 2
  m_Modification:
    m_TransformParent: {fileID: 0}
    m_Modifications:
    - target: {fileID: 499530, guid: a8d4d9ed30b4b874cbdf4acbcbec0b17, type: 2}
      propertyPath: m_LocalPosition.x
      value: 0
      objectReference: {fileID: 0}
    - target: {fileID: 499530, guid: a8d4d9ed30b4b874cbdf4acbcbec0b17, type: 2}
      propertyPath: m_LocalPosition.y
      value: 3
      objectReference: {fileID: 0}
    - target: {fileID: 499530, guid: a8d4d9ed30b4b874cbdf4acbcbec0b17, type: 2}
      propertyPath: m_LocalPosition.z
      value: 0
      objectReference: {fileID: 0}
    - target: {fileID: 499530, guid: a8d4d9ed30b4b874cbdf4acbcbec0b17, type: 2}
      propertyPath: m_LocalRotation.x
      value: .299112231
      objectReference: {fileID: 0}
    - target: {fileID: 499530, guid: a8d4d9ed30b4b874cbdf4acbcbec0b17, type: 2}
      propertyPath: m_LocalRotation.y
      value: -.314665705
      objectReference: {fileID: 0}
    - target: {fileID: 499530, guid: a8d4d9ed30b4b874cbdf4acbcbec0b17, type: 2}
      propertyPath: m_LocalRotation.z
      value: .264161408
      objectReference: {fileID: 0}
    - target: {fileID: 499530, guid: a8d4d9ed30b4b874cbdf4acbcbec0b17, type: 2}
      propertyPath: m_LocalRotation.w
      value: .861241102
      objectReference: {fileID: 0}
    - target: {fileID: 499530, guid: a8d4d9ed30b4b874cbdf4acbcbec0b17, type: 2}
      propertyPath: m_RootOrder
      value: 6
      objectReference: {fileID: 0}
    - target: {fileID: 10883228, guid: a8d4d9ed30b4b874cbdf4acbcbec0b17, type: 2}
      propertyPath: m_Intensity
      value: 1
      objectReference: {fileID: 0}
    - target: {fileID: 10887928, guid: a8d4d9ed30b4b874cbdf4acbcbec0b17, type: 2}
      propertyPath: m_Intensity
      value: 1
      objectReference: {fileID: 0}
    - target: {fileID: 464058, guid: a8d4d9ed30b4b874cbdf4acbcbec0b17, type: 2}
      propertyPath: m_LocalRotation.x
      value: .479946464
      objectReference: {fileID: 0}
    - target: {fileID: 464058, guid: a8d4d9ed30b4b874cbdf4acbcbec0b17, type: 2}
      propertyPath: m_LocalRotation.y
      value: .15320304
      objectReference: {fileID: 0}
    - target: {fileID: 464058, guid: a8d4d9ed30b4b874cbdf4acbcbec0b17, type: 2}
      propertyPath: m_LocalRotation.z
      value: .85142535
      objectReference: {fileID: 0}
    - target: {fileID: 464058, guid: a8d4d9ed30b4b874cbdf4acbcbec0b17, type: 2}
      propertyPath: m_LocalRotation.w
      value: .14579156
      objectReference: {fileID: 0}
    - target: {fileID: 10887928, guid: a8d4d9ed30b4b874cbdf4acbcbec0b17, type: 2}
      propertyPath: m_Shadows.m_Type
      value: 1
      objectReference: {fileID: 0}
    - target: {fileID: 10883228, guid: a8d4d9ed30b4b874cbdf4acbcbec0b17, type: 2}
      propertyPath: m_Shadows.m_Type
      value: 1
      objectReference: {fileID: 0}
    - target: {fileID: 10852020, guid: a8d4d9ed30b4b874cbdf4acbcbec0b17, type: 2}
      propertyPath: m_Shadows.m_Type
      value: 1
      objectReference: {fileID: 0}
    m_RemovedComponents: []
  m_ParentPrefab: {fileID: 100100000, guid: a8d4d9ed30b4b874cbdf4acbcbec0b17, type: 2}
  m_IsPrefabParent: 0
--- !u!1001 &63210145
Prefab:
  m_ObjectHideFlags: 0
  serializedVersion: 2
  m_Modification:
    m_TransformParent: {fileID: 0}
    m_Modifications:
    - target: {fileID: 485882, guid: e9d38345084a6724d8fcd27782b64320, type: 2}
      propertyPath: m_LocalPosition.x
      value: 0
      objectReference: {fileID: 0}
    - target: {fileID: 485882, guid: e9d38345084a6724d8fcd27782b64320, type: 2}
      propertyPath: m_LocalPosition.y
      value: .649999976
      objectReference: {fileID: 0}
    - target: {fileID: 485882, guid: e9d38345084a6724d8fcd27782b64320, type: 2}
      propertyPath: m_LocalPosition.z
      value: -.100000001
      objectReference: {fileID: 0}
    - target: {fileID: 485882, guid: e9d38345084a6724d8fcd27782b64320, type: 2}
      propertyPath: m_LocalRotation.x
      value: 0
      objectReference: {fileID: 0}
    - target: {fileID: 485882, guid: e9d38345084a6724d8fcd27782b64320, type: 2}
      propertyPath: m_LocalRotation.y
      value: 0
      objectReference: {fileID: 0}
    - target: {fileID: 485882, guid: e9d38345084a6724d8fcd27782b64320, type: 2}
      propertyPath: m_LocalRotation.z
      value: 0
      objectReference: {fileID: 0}
    - target: {fileID: 485882, guid: e9d38345084a6724d8fcd27782b64320, type: 2}
      propertyPath: m_LocalRotation.w
      value: 1
      objectReference: {fileID: 0}
    - target: {fileID: 485882, guid: e9d38345084a6724d8fcd27782b64320, type: 2}
      propertyPath: m_RootOrder
      value: 9
      objectReference: {fileID: 0}
    m_RemovedComponents: []
  m_ParentPrefab: {fileID: 100100000, guid: e9d38345084a6724d8fcd27782b64320, type: 2}
  m_IsPrefabParent: 0
--- !u!1001 &294320204
Prefab:
  m_ObjectHideFlags: 0
  serializedVersion: 2
  m_Modification:
    m_TransformParent: {fileID: 0}
    m_Modifications:
    - target: {fileID: 473394, guid: df1a9a8bed97dfa4498835ce085d793d, type: 2}
      propertyPath: m_LocalPosition.x
      value: -13.201273
      objectReference: {fileID: 0}
    - target: {fileID: 473394, guid: df1a9a8bed97dfa4498835ce085d793d, type: 2}
      propertyPath: m_LocalPosition.y
      value: 1.06023037
      objectReference: {fileID: 0}
    - target: {fileID: 473394, guid: df1a9a8bed97dfa4498835ce085d793d, type: 2}
      propertyPath: m_LocalPosition.z
      value: 0
      objectReference: {fileID: 0}
    - target: {fileID: 473394, guid: df1a9a8bed97dfa4498835ce085d793d, type: 2}
      propertyPath: m_LocalRotation.x
      value: 0
      objectReference: {fileID: 0}
    - target: {fileID: 473394, guid: df1a9a8bed97dfa4498835ce085d793d, type: 2}
      propertyPath: m_LocalRotation.y
      value: 0
      objectReference: {fileID: 0}
    - target: {fileID: 473394, guid: df1a9a8bed97dfa4498835ce085d793d, type: 2}
      propertyPath: m_LocalRotation.z
      value: 0
      objectReference: {fileID: 0}
    - target: {fileID: 473394, guid: df1a9a8bed97dfa4498835ce085d793d, type: 2}
      propertyPath: m_LocalRotation.w
      value: 1
      objectReference: {fileID: 0}
    - target: {fileID: 473394, guid: df1a9a8bed97dfa4498835ce085d793d, type: 2}
      propertyPath: m_RootOrder
      value: 0
      objectReference: {fileID: 0}
    - target: {fileID: 184932, guid: df1a9a8bed97dfa4498835ce085d793d, type: 2}
      propertyPath: m_Name
      value: FriendlyShip (1)
      objectReference: {fileID: 0}
    m_RemovedComponents: []
  m_ParentPrefab: {fileID: 100100000, guid: df1a9a8bed97dfa4498835ce085d793d, type: 2}
  m_IsPrefabParent: 0
--- !u!1 &311169922 stripped
GameObject:
  m_PrefabParentObject: {fileID: 185786, guid: e9d38345084a6724d8fcd27782b64320, type: 2}
  m_PrefabInternal: {fileID: 63210145}
--- !u!1001 &361179555
Prefab:
  m_ObjectHideFlags: 0
  serializedVersion: 2
  m_Modification:
    m_TransformParent: {fileID: 0}
    m_Modifications:
    - target: {fileID: 430272, guid: c0ba3723a28417a44a8f8fc1f21d33a6, type: 2}
      propertyPath: m_LocalPosition.x
      value: 0
      objectReference: {fileID: 0}
    - target: {fileID: 430272, guid: c0ba3723a28417a44a8f8fc1f21d33a6, type: 2}
      propertyPath: m_LocalPosition.y
      value: 0
      objectReference: {fileID: 0}
    - target: {fileID: 430272, guid: c0ba3723a28417a44a8f8fc1f21d33a6, type: 2}
      propertyPath: m_LocalPosition.z
      value: 0
      objectReference: {fileID: 0}
    - target: {fileID: 430272, guid: c0ba3723a28417a44a8f8fc1f21d33a6, type: 2}
      propertyPath: m_LocalRotation.x
      value: 0
      objectReference: {fileID: 0}
    - target: {fileID: 430272, guid: c0ba3723a28417a44a8f8fc1f21d33a6, type: 2}
      propertyPath: m_LocalRotation.y
      value: 0
      objectReference: {fileID: 0}
    - target: {fileID: 430272, guid: c0ba3723a28417a44a8f8fc1f21d33a6, type: 2}
      propertyPath: m_LocalRotation.z
      value: 0
      objectReference: {fileID: 0}
    - target: {fileID: 430272, guid: c0ba3723a28417a44a8f8fc1f21d33a6, type: 2}
      propertyPath: m_LocalRotation.w
      value: 1
      objectReference: {fileID: 0}
    - target: {fileID: 430272, guid: c0ba3723a28417a44a8f8fc1f21d33a6, type: 2}
      propertyPath: m_RootOrder
      value: 8
      objectReference: {fileID: 0}
    m_RemovedComponents: []
  m_ParentPrefab: {fileID: 100100000, guid: c0ba3723a28417a44a8f8fc1f21d33a6, type: 2}
  m_IsPrefabParent: 0
--- !u!1001 &380391161
Prefab:
  m_ObjectHideFlags: 0
  serializedVersion: 2
  m_Modification:
    m_TransformParent: {fileID: 0}
    m_Modifications:
    - target: {fileID: 423382, guid: 549333c705604e849bc097f6ee967161, type: 2}
      propertyPath: m_LocalPosition.x
      value: 0
      objectReference: {fileID: 0}
    - target: {fileID: 423382, guid: 549333c705604e849bc097f6ee967161, type: 2}
      propertyPath: m_LocalPosition.y
      value: 0
      objectReference: {fileID: 0}
    - target: {fileID: 423382, guid: 549333c705604e849bc097f6ee967161, type: 2}
      propertyPath: m_LocalPosition.z
      value: 0
      objectReference: {fileID: 0}
    - target: {fileID: 423382, guid: 549333c705604e849bc097f6ee967161, type: 2}
      propertyPath: m_LocalRotation.x
      value: 0
      objectReference: {fileID: 0}
    - target: {fileID: 423382, guid: 549333c705604e849bc097f6ee967161, type: 2}
      propertyPath: m_LocalRotation.y
      value: 0
      objectReference: {fileID: 0}
    - target: {fileID: 423382, guid: 549333c705604e849bc097f6ee967161, type: 2}
      propertyPath: m_LocalRotation.z
      value: 0
      objectReference: {fileID: 0}
    - target: {fileID: 423382, guid: 549333c705604e849bc097f6ee967161, type: 2}
      propertyPath: m_LocalRotation.w
      value: 1
      objectReference: {fileID: 0}
    - target: {fileID: 423382, guid: 549333c705604e849bc097f6ee967161, type: 2}
      propertyPath: m_RootOrder
      value: 4
      objectReference: {fileID: 0}
    - target: {fileID: 105916, guid: 549333c705604e849bc097f6ee967161, type: 2}
      propertyPath: m_IsActive
      value: 0
      objectReference: {fileID: 0}
    m_RemovedComponents: []
  m_ParentPrefab: {fileID: 100100000, guid: 549333c705604e849bc097f6ee967161, type: 2}
  m_IsPrefabParent: 0
--- !u!114 &380391162 stripped
MonoBehaviour:
  m_PrefabParentObject: {fileID: 11453494, guid: 549333c705604e849bc097f6ee967161,
    type: 2}
  m_PrefabInternal: {fileID: 380391161}
  m_Script: {fileID: 11500000, guid: 24836af69b3514d479814b449d25f4f6, type: 3}
--- !u!1001 &629341910
Prefab:
  m_ObjectHideFlags: 0
  serializedVersion: 2
  m_Modification:
    m_TransformParent: {fileID: 1723231016}
    m_Modifications:
    - target: {fileID: 481932, guid: ef6dba2bca3942d469246902602ce6db, type: 2}
      propertyPath: m_LocalPosition.x
      value: 0
      objectReference: {fileID: 0}
    - target: {fileID: 481932, guid: ef6dba2bca3942d469246902602ce6db, type: 2}
      propertyPath: m_LocalPosition.y
      value: 0
      objectReference: {fileID: 0}
    - target: {fileID: 481932, guid: ef6dba2bca3942d469246902602ce6db, type: 2}
      propertyPath: m_LocalPosition.z
      value: 0
      objectReference: {fileID: 0}
    - target: {fileID: 481932, guid: ef6dba2bca3942d469246902602ce6db, type: 2}
      propertyPath: m_LocalRotation.x
      value: -.500000119
      objectReference: {fileID: 0}
    - target: {fileID: 481932, guid: ef6dba2bca3942d469246902602ce6db, type: 2}
      propertyPath: m_LocalRotation.y
      value: .5
      objectReference: {fileID: 0}
    - target: {fileID: 481932, guid: ef6dba2bca3942d469246902602ce6db, type: 2}
      propertyPath: m_LocalRotation.z
      value: -.5
      objectReference: {fileID: 0}
    - target: {fileID: 481932, guid: ef6dba2bca3942d469246902602ce6db, type: 2}
      propertyPath: m_LocalRotation.w
      value: .49999994
      objectReference: {fileID: 0}
    - target: {fileID: 481932, guid: ef6dba2bca3942d469246902602ce6db, type: 2}
      propertyPath: m_RootOrder
      value: 0
      objectReference: {fileID: 0}
    - target: {fileID: 467742, guid: ef6dba2bca3942d469246902602ce6db, type: 2}
      propertyPath: m_RootOrder
      value: 1
      objectReference: {fileID: 0}
    - target: {fileID: 480040, guid: ef6dba2bca3942d469246902602ce6db, type: 2}
      propertyPath: m_RootOrder
      value: 2
      objectReference: {fileID: 0}
    - target: {fileID: 169156, guid: ef6dba2bca3942d469246902602ce6db, type: 2}
      propertyPath: m_Name
      value: CloneRoot
      objectReference: {fileID: 0}
    m_RemovedComponents: []
  m_ParentPrefab: {fileID: 100100000, guid: ef6dba2bca3942d469246902602ce6db, type: 2}
  m_IsPrefabParent: 0
--- !u!4 &629341911 stripped
Transform:
  m_PrefabParentObject: {fileID: 481932, guid: ef6dba2bca3942d469246902602ce6db, type: 2}
  m_PrefabInternal: {fileID: 629341910}
--- !u!1001 &834638135
Prefab:
  m_ObjectHideFlags: 0
  serializedVersion: 2
  m_Modification:
    m_TransformParent: {fileID: 0}
    m_Modifications:
    - target: {fileID: 402404, guid: c7f87799032ccf649893b1eaf4281840, type: 2}
      propertyPath: m_LocalPosition.x
      value: 0
      objectReference: {fileID: 0}
    - target: {fileID: 402404, guid: c7f87799032ccf649893b1eaf4281840, type: 2}
      propertyPath: m_LocalPosition.y
      value: 0
      objectReference: {fileID: 0}
    - target: {fileID: 402404, guid: c7f87799032ccf649893b1eaf4281840, type: 2}
      propertyPath: m_LocalPosition.z
      value: 0
      objectReference: {fileID: 0}
    - target: {fileID: 402404, guid: c7f87799032ccf649893b1eaf4281840, type: 2}
      propertyPath: m_LocalRotation.x
      value: 0
      objectReference: {fileID: 0}
    - target: {fileID: 402404, guid: c7f87799032ccf649893b1eaf4281840, type: 2}
      propertyPath: m_LocalRotation.y
      value: 0
      objectReference: {fileID: 0}
    - target: {fileID: 402404, guid: c7f87799032ccf649893b1eaf4281840, type: 2}
      propertyPath: m_LocalRotation.z
      value: 0
      objectReference: {fileID: 0}
    - target: {fileID: 402404, guid: c7f87799032ccf649893b1eaf4281840, type: 2}
      propertyPath: m_LocalRotation.w
      value: 1
      objectReference: {fileID: 0}
    - target: {fileID: 402404, guid: c7f87799032ccf649893b1eaf4281840, type: 2}
      propertyPath: m_RootOrder
      value: 5
      objectReference: {fileID: 0}
    - target: {fileID: 11462816, guid: c7f87799032ccf649893b1eaf4281840, type: 2}
      propertyPath: vessel
      value: 
      objectReference: {fileID: 1723231017}
    - target: {fileID: 11462816, guid: c7f87799032ccf649893b1eaf4281840, type: 2}
      propertyPath: hub
      value: 
      objectReference: {fileID: 380391162}
    - target: {fileID: 11462816, guid: c7f87799032ccf649893b1eaf4281840, type: 2}
      propertyPath: cursor
      value: 
      objectReference: {fileID: 1035258710}
    - target: {fileID: 11462816, guid: c7f87799032ccf649893b1eaf4281840, type: 2}
      propertyPath: cam
      value: 
      objectReference: {fileID: 2131360547}
    m_RemovedComponents: []
  m_ParentPrefab: {fileID: 100100000, guid: c7f87799032ccf649893b1eaf4281840, type: 2}
  m_IsPrefabParent: 0
--- !u!114 &1035258710 stripped
MonoBehaviour:
  m_PrefabParentObject: {fileID: 11418742, guid: 1f231c663a9424e4e9b7710dd4d230a8,
    type: 2}
  m_PrefabInternal: {fileID: 2051021282}
  m_Script: {fileID: 11500000, guid: d2696e3ea122c3c41a7449ee1351942b, type: 3}
--- !u!1001 &1486232148
Prefab:
  m_ObjectHideFlags: 0
  serializedVersion: 2
  m_Modification:
    m_TransformParent: {fileID: 0}
    m_Modifications:
    - target: {fileID: 473394, guid: df1a9a8bed97dfa4498835ce085d793d, type: 2}
      propertyPath: m_LocalPosition.x
      value: 0
      objectReference: {fileID: 0}
    - target: {fileID: 473394, guid: df1a9a8bed97dfa4498835ce085d793d, type: 2}
      propertyPath: m_LocalPosition.y
      value: 0
      objectReference: {fileID: 0}
    - target: {fileID: 473394, guid: df1a9a8bed97dfa4498835ce085d793d, type: 2}
      propertyPath: m_LocalPosition.z
      value: -0
      objectReference: {fileID: 0}
    - target: {fileID: 473394, guid: df1a9a8bed97dfa4498835ce085d793d, type: 2}
      propertyPath: m_LocalRotation.x
      value: 0
      objectReference: {fileID: 0}
    - target: {fileID: 473394, guid: df1a9a8bed97dfa4498835ce085d793d, type: 2}
      propertyPath: m_LocalRotation.y
      value: 0
      objectReference: {fileID: 0}
    - target: {fileID: 473394, guid: df1a9a8bed97dfa4498835ce085d793d, type: 2}
      propertyPath: m_LocalRotation.z
      value: 0
      objectReference: {fileID: 0}
    - target: {fileID: 473394, guid: df1a9a8bed97dfa4498835ce085d793d, type: 2}
      propertyPath: m_LocalRotation.w
      value: 1
      objectReference: {fileID: 0}
    - target: {fileID: 473394, guid: df1a9a8bed97dfa4498835ce085d793d, type: 2}
      propertyPath: m_RootOrder
      value: 3
      objectReference: {fileID: 0}
    - target: {fileID: 184932, guid: df1a9a8bed97dfa4498835ce085d793d, type: 2}
      propertyPath: m_IsActive
      value: 0
      objectReference: {fileID: 0}
    m_RemovedComponents: []
  m_ParentPrefab: {fileID: 100100000, guid: df1a9a8bed97dfa4498835ce085d793d, type: 2}
  m_IsPrefabParent: 0
--- !u!1 &1692209632
GameObject:
  m_ObjectHideFlags: 0
  m_PrefabParentObject: {fileID: 0}
  m_PrefabInternal: {fileID: 0}
  serializedVersion: 4
  m_Component:
  - 4: {fileID: 1692209633}
  - 33: {fileID: 1692209636}
  - 64: {fileID: 1692209635}
  - 23: {fileID: 1692209634}
  m_Layer: 0
  m_Name: Quad
  m_TagString: Untagged
  m_Icon: {fileID: 0}
  m_NavMeshLayer: 0
  m_StaticEditorFlags: 0
  m_IsActive: 0
--- !u!4 &1692209633
Transform:
  m_ObjectHideFlags: 0
  m_PrefabParentObject: {fileID: 0}
  m_PrefabInternal: {fileID: 0}
  m_GameObject: {fileID: 1692209632}
  m_LocalRotation: {x: 0, y: 0, z: 0, w: 1}
  m_LocalPosition: {x: 0, y: 0, z: 0}
  m_LocalScale: {x: 1, y: 1, z: 1}
  m_Children: []
  m_Father: {fileID: 42748434}
  m_RootOrder: 1
--- !u!23 &1692209634
MeshRenderer:
  m_ObjectHideFlags: 0
  m_PrefabParentObject: {fileID: 0}
  m_PrefabInternal: {fileID: 0}
  m_GameObject: {fileID: 1692209632}
  m_Enabled: 1
  m_CastShadows: 1
  m_ReceiveShadows: 1
  m_Materials:
  - {fileID: 10303, guid: 0000000000000000f000000000000000, type: 0}
  m_SubsetIndices: 
  m_StaticBatchRoot: {fileID: 0}
  m_UseLightProbes: 1
  m_ReflectionProbeUsage: 1
  m_ProbeAnchor: {fileID: 0}
  m_ScaleInLightmap: 1
  m_PreserveUVs: 1
  m_ImportantGI: 0
  m_AutoUVMaxDistance: .5
  m_AutoUVMaxAngle: 89
  m_LightmapParameters: {fileID: 0}
  m_SortingLayerID: 0
  m_SortingOrder: 0
--- !u!64 &1692209635
MeshCollider:
  m_ObjectHideFlags: 0
  m_PrefabParentObject: {fileID: 0}
  m_PrefabInternal: {fileID: 0}
  m_GameObject: {fileID: 1692209632}
  m_Material: {fileID: 0}
  m_IsTrigger: 0
  m_Enabled: 1
  serializedVersion: 2
  m_Convex: 0
  m_Mesh: {fileID: 10210, guid: 0000000000000000e000000000000000, type: 0}
--- !u!33 &1692209636
MeshFilter:
  m_ObjectHideFlags: 0
  m_PrefabParentObject: {fileID: 0}
  m_PrefabInternal: {fileID: 0}
  m_GameObject: {fileID: 1692209632}
  m_Mesh: {fileID: 10210, guid: 0000000000000000e000000000000000, type: 0}
--- !u!1 &1723231015
GameObject:
  m_ObjectHideFlags: 0
  m_PrefabParentObject: {fileID: 0}
  m_PrefabInternal: {fileID: 0}
  serializedVersion: 4
  m_Component:
  - 4: {fileID: 1723231016}
  - 114: {fileID: 1723231017}
  - 114: {fileID: 1723231020}
  - 50: {fileID: 1723231021}
  - 114: {fileID: 1723231019}
  - 114: {fileID: 1723231018}
  - 114: {fileID: 1723231022}
  - 114: {fileID: 1723231023}
  m_Layer: 0
  m_Name: Clone
  m_TagString: Untagged
  m_Icon: {fileID: 0}
  m_NavMeshLayer: 0
  m_StaticEditorFlags: 0
  m_IsActive: 1
--- !u!4 &1723231016
Transform:
  m_ObjectHideFlags: 0
  m_PrefabParentObject: {fileID: 0}
  m_PrefabInternal: {fileID: 0}
  m_GameObject: {fileID: 1723231015}
  m_LocalRotation: {x: 0, y: 0, z: 0, w: 1}
  m_LocalPosition: {x: 0, y: 0, z: 0}
  m_LocalScale: {x: 1, y: 1, z: 1}
  m_Children:
  - {fileID: 629341911}
  m_Father: {fileID: 0}
  m_RootOrder: 1
--- !u!114 &1723231017
MonoBehaviour:
  m_ObjectHideFlags: 0
  m_PrefabParentObject: {fileID: 0}
  m_PrefabInternal: {fileID: 0}
  m_GameObject: {fileID: 1723231015}
  m_Enabled: 1
  m_EditorHideFlags: 0
  m_Script: {fileID: 11500000, guid: a6064e42fe37aa5419cd526e73a055a3, type: 3}
  m_Name: 
  m_EditorClassIdentifier: 
  movementAxis: {x: 0, y: 0}
  weaponAxis: {x: 0, y: 0}
  triggerAxis: 0
--- !u!114 &1723231018
MonoBehaviour:
  m_ObjectHideFlags: 0
  m_PrefabParentObject: {fileID: 0}
  m_PrefabInternal: {fileID: 0}
  m_GameObject: {fileID: 1723231015}
  m_Enabled: 1
  m_EditorHideFlags: 0
  m_Script: {fileID: 11500000, guid: 67c3ea2a3d4805640bbcadedf4691639, type: 3}
  m_Name: 
  m_EditorClassIdentifier: 
  powerLimit: 1000
  powerMultiple: 2
  dummy: {fileID: 311169922}
--- !u!114 &1723231019
MonoBehaviour:
  m_ObjectHideFlags: 0
  m_PrefabParentObject: {fileID: 0}
  m_PrefabInternal: {fileID: 0}
  m_GameObject: {fileID: 1723231015}
  m_Enabled: 1
  m_EditorHideFlags: 0
  m_Script: {fileID: 11500000, guid: 0a69068e5f916584797e9e1b37699851, type: 3}
  m_Name: 
  m_EditorClassIdentifier: 
  speed: 50
  acceleration: .200000003
  dummy: {fileID: 311169922}
--- !u!114 &1723231020
MonoBehaviour:
  m_ObjectHideFlags: 0
  m_PrefabParentObject: {fileID: 0}
  m_PrefabInternal: {fileID: 0}
  m_GameObject: {fileID: 1723231015}
  m_Enabled: 0
  m_EditorHideFlags: 0
  m_Script: {fileID: 11500000, guid: 869f666cf5d34f14797e4eeb09128c0d, type: 3}
  m_Name: 
  m_EditorClassIdentifier: 
  targetTag: 
--- !u!50 &1723231021
Rigidbody2D:
  serializedVersion: 2
  m_ObjectHideFlags: 0
  m_PrefabParentObject: {fileID: 0}
  m_PrefabInternal: {fileID: 0}
  m_GameObject: {fileID: 1723231015}
  m_Mass: 1
  m_LinearDrag: 1
  m_AngularDrag: 20
  m_GravityScale: 0
  m_IsKinematic: 0
  m_Interpolate: 0
  m_SleepingMode: 1
  m_CollisionDetection: 0
  m_Constraints: 0
--- !u!114 &1723231022
MonoBehaviour:
  m_ObjectHideFlags: 0
  m_PrefabParentObject: {fileID: 0}
  m_PrefabInternal: {fileID: 0}
  m_GameObject: {fileID: 1723231015}
  m_Enabled: 1
  m_EditorHideFlags: 0
  m_Script: {fileID: 11500000, guid: 3062745b68f53b74fa1762b34f16c458, type: 3}
  m_Name: 
  m_EditorClassIdentifier: 
--- !u!114 &1723231023
MonoBehaviour:
  m_ObjectHideFlags: 0
  m_PrefabParentObject: {fileID: 0}
  m_PrefabInternal: {fileID: 0}
  m_GameObject: {fileID: 1723231015}
  m_Enabled: 1
  m_EditorHideFlags: 0
  m_Script: {fileID: 11500000, guid: 82971b64f96e35a49a1e3c183e7fd117, type: 3}
  m_Name: 
  m_EditorClassIdentifier: 
  rate: 25
  lazerPrefab: {fileID: 127716, guid: 472781c749f4b764caf7a04edcc92c0e, type: 2}
  cloneWeapon: 1
--- !u!1001 &2051021282
Prefab:
  m_ObjectHideFlags: 0
  serializedVersion: 2
  m_Modification:
    m_TransformParent: {fileID: 0}
    m_Modifications:
    - target: {fileID: 22466350, guid: 1f231c663a9424e4e9b7710dd4d230a8, type: 2}
      propertyPath: m_LocalPosition.x
      value: 0
      objectReference: {fileID: 0}
    - target: {fileID: 22466350, guid: 1f231c663a9424e4e9b7710dd4d230a8, type: 2}
      propertyPath: m_LocalPosition.y
      value: 0
      objectReference: {fileID: 0}
    - target: {fileID: 22466350, guid: 1f231c663a9424e4e9b7710dd4d230a8, type: 2}
      propertyPath: m_LocalPosition.z
      value: 0
      objectReference: {fileID: 0}
    - target: {fileID: 22466350, guid: 1f231c663a9424e4e9b7710dd4d230a8, type: 2}
      propertyPath: m_LocalRotation.x
      value: 0
      objectReference: {fileID: 0}
    - target: {fileID: 22466350, guid: 1f231c663a9424e4e9b7710dd4d230a8, type: 2}
      propertyPath: m_LocalRotation.y
      value: 0
      objectReference: {fileID: 0}
    - target: {fileID: 22466350, guid: 1f231c663a9424e4e9b7710dd4d230a8, type: 2}
      propertyPath: m_LocalRotation.z
      value: 0
      objectReference: {fileID: 0}
    - target: {fileID: 22466350, guid: 1f231c663a9424e4e9b7710dd4d230a8, type: 2}
      propertyPath: m_LocalRotation.w
      value: 1
      objectReference: {fileID: 0}
    - target: {fileID: 22466350, guid: 1f231c663a9424e4e9b7710dd4d230a8, type: 2}
      propertyPath: m_RootOrder
      value: 5
      objectReference: {fileID: 0}
    - target: {fileID: 22466350, guid: 1f231c663a9424e4e9b7710dd4d230a8, type: 2}
      propertyPath: m_AnchoredPosition.x
      value: 0
      objectReference: {fileID: 0}
    - target: {fileID: 22466350, guid: 1f231c663a9424e4e9b7710dd4d230a8, type: 2}
      propertyPath: m_AnchoredPosition.y
      value: 0
      objectReference: {fileID: 0}
    - target: {fileID: 22466350, guid: 1f231c663a9424e4e9b7710dd4d230a8, type: 2}
      propertyPath: m_SizeDelta.x
      value: 0
      objectReference: {fileID: 0}
    - target: {fileID: 22466350, guid: 1f231c663a9424e4e9b7710dd4d230a8, type: 2}
      propertyPath: m_SizeDelta.y
      value: 0
      objectReference: {fileID: 0}
    - target: {fileID: 22466350, guid: 1f231c663a9424e4e9b7710dd4d230a8, type: 2}
      propertyPath: m_AnchorMin.x
      value: 0
      objectReference: {fileID: 0}
    - target: {fileID: 22466350, guid: 1f231c663a9424e4e9b7710dd4d230a8, type: 2}
      propertyPath: m_AnchorMin.y
      value: 0
      objectReference: {fileID: 0}
    - target: {fileID: 22466350, guid: 1f231c663a9424e4e9b7710dd4d230a8, type: 2}
      propertyPath: m_AnchorMax.x
      value: 0
      objectReference: {fileID: 0}
    - target: {fileID: 22466350, guid: 1f231c663a9424e4e9b7710dd4d230a8, type: 2}
      propertyPath: m_AnchorMax.y
      value: 0
      objectReference: {fileID: 0}
    - target: {fileID: 22466350, guid: 1f231c663a9424e4e9b7710dd4d230a8, type: 2}
      propertyPath: m_Pivot.x
      value: 0
      objectReference: {fileID: 0}
    - target: {fileID: 22466350, guid: 1f231c663a9424e4e9b7710dd4d230a8, type: 2}
      propertyPath: m_Pivot.y
      value: 0
      objectReference: {fileID: 0}
    - target: {fileID: 11418742, guid: 1f231c663a9424e4e9b7710dd4d230a8, type: 2}
      propertyPath: camera1
      value: 
      objectReference: {fileID: 2131360547}
    m_RemovedComponents: []
  m_ParentPrefab: {fileID: 100100000, guid: 1f231c663a9424e4e9b7710dd4d230a8, type: 2}
  m_IsPrefabParent: 0
--- !u!1001 &2078415184
Prefab:
  m_ObjectHideFlags: 0
  serializedVersion: 2
  m_Modification:
    m_TransformParent: {fileID: 0}
    m_Modifications:
    - target: {fileID: 479380, guid: 8102ea5c7c1454b40976333202bc4dee, type: 2}
      propertyPath: m_LocalPosition.x
      value: 0
      objectReference: {fileID: 0}
    - target: {fileID: 479380, guid: 8102ea5c7c1454b40976333202bc4dee, type: 2}
      propertyPath: m_LocalPosition.y
      value: 0
      objectReference: {fileID: 0}
    - target: {fileID: 479380, guid: 8102ea5c7c1454b40976333202bc4dee, type: 2}
      propertyPath: m_LocalPosition.z
      value: -200
      objectReference: {fileID: 0}
    - target: {fileID: 479380, guid: 8102ea5c7c1454b40976333202bc4dee, type: 2}
      propertyPath: m_LocalRotation.x
      value: 0
      objectReference: {fileID: 0}
    - target: {fileID: 479380, guid: 8102ea5c7c1454b40976333202bc4dee, type: 2}
      propertyPath: m_LocalRotation.y
      value: 0
      objectReference: {fileID: 0}
    - target: {fileID: 479380, guid: 8102ea5c7c1454b40976333202bc4dee, type: 2}
      propertyPath: m_LocalRotation.z
      value: 0
      objectReference: {fileID: 0}
    - target: {fileID: 479380, guid: 8102ea5c7c1454b40976333202bc4dee, type: 2}
      propertyPath: m_LocalRotation.w
      value: 1
      objectReference: {fileID: 0}
    - target: {fileID: 479380, guid: 8102ea5c7c1454b40976333202bc4dee, type: 2}
      propertyPath: m_RootOrder
      value: 6
      objectReference: {fileID: 0}
    - target: {fileID: 100308, guid: 8102ea5c7c1454b40976333202bc4dee, type: 2}
      propertyPath: m_Name
      value: Main Camera
      objectReference: {fileID: 0}
    - target: {fileID: 11435588, guid: 8102ea5c7c1454b40976333202bc4dee, type: 2}
      propertyPath: target
      value: 
      objectReference: {fileID: 1723231015}
    - target: {fileID: 11435588, guid: 8102ea5c7c1454b40976333202bc4dee, type: 2}
      propertyPath: m_Enabled
      value: 1
      objectReference: {fileID: 0}
    m_RemovedComponents: []
  m_ParentPrefab: {fileID: 100100000, guid: 8102ea5c7c1454b40976333202bc4dee, type: 2}
  m_IsPrefabParent: 0
--- !u!114 &2131360547 stripped
MonoBehaviour:
  m_PrefabParentObject: {fileID: 11435588, guid: 8102ea5c7c1454b40976333202bc4dee,
    type: 2}
  m_PrefabInternal: {fileID: 2078415184}
  m_Script: {fileID: 11500000, guid: b41c91416c249324d9d0a6e2ed3a242b, type: 3}
