%YAML 1.1
%TAG !u! tag:unity3d.com,2011:
--- !u!1 &166082
GameObject:
  m_ObjectHideFlags: 0
  m_PrefabParentObject: {fileID: 0}
  m_PrefabInternal: {fileID: 100100000}
  serializedVersion: 4
  m_Component:
  - 4: {fileID: 487672}
  - 114: {fileID: 11495348}
  - 33: {fileID: 3348024}
  - 23: {fileID: 2308556}
  m_Layer: 0
  m_Name: Line2D
  m_TagString: Untagged
  m_Icon: {fileID: 0}
  m_NavMeshLayer: 0
  m_StaticEditorFlags: 0
  m_IsActive: 1
--- !u!4 &487672
Transform:
  m_ObjectHideFlags: 1
  m_PrefabParentObject: {fileID: 0}
  m_PrefabInternal: {fileID: 100100000}
  m_GameObject: {fileID: 166082}
  m_LocalRotation: {x: 0, y: 0, z: 0, w: 1}
  m_LocalPosition: {x: 0, y: 0, z: 0}
  m_LocalScale: {x: 1, y: 1, z: 1}
  m_Children: []
  m_Father: {fileID: 0}
  m_RootOrder: 0
--- !u!23 &2308556
MeshRenderer:
  m_ObjectHideFlags: 1
  m_PrefabParentObject: {fileID: 0}
  m_PrefabInternal: {fileID: 100100000}
  m_GameObject: {fileID: 166082}
  m_Enabled: 1
  m_CastShadows: 0
  m_ReceiveShadows: 0
  m_Materials:
  - {fileID: 2100000, guid: 0b884d535774d9843be57e4c9f87bf71, type: 2}
  m_SubsetIndices: 
  m_StaticBatchRoot: {fileID: 0}
  m_UseLightProbes: 0
  m_ReflectionProbeUsage: 0
  m_ProbeAnchor: {fileID: 0}
  m_ScaleInLightmap: 1
  m_PreserveUVs: 0
  m_ImportantGI: 0
  m_AutoUVMaxDistance: .5
  m_AutoUVMaxAngle: 89
  m_LightmapParameters: {fileID: 0}
  m_SortingLayerID: 0
  m_SortingOrder: 0
--- !u!33 &3348024
MeshFilter:
  m_ObjectHideFlags: 1
  m_PrefabParentObject: {fileID: 0}
  m_PrefabInternal: {fileID: 100100000}
  m_GameObject: {fileID: 166082}
  m_Mesh: {fileID: 0}
--- !u!114 &11495348
MonoBehaviour:
  m_ObjectHideFlags: 1
  m_PrefabParentObject: {fileID: 0}
  m_PrefabInternal: {fileID: 100100000}
  m_GameObject: {fileID: 166082}
  m_Enabled: 1
  m_EditorHideFlags: 0
  m_Script: {fileID: 11500000, guid: f5d48dd6eda964d8899ba2efc645eaba, type: 3}
  m_Name: 
  m_EditorClassIdentifier: 
  useWorldSpace: 0
  useStraightTangent: 0
  isStatic: 0
  updateVerts: 1
  updateUvs: 1
  updateColors: 1
  offsetU: 0
  offsetV: 0
  tilingU: 1
  tilingV: 1
  showHandles: 1
  points:
  - pos: {x: 0, y: 1, z: 0}
    width: 1
    color:
      serializedVersion: 2
      rgba: 4286545791
  - pos: {x: .00860786438, y: 1.98676968, z: 0}
    width: 1
    color:
      serializedVersion: 2
      rgba: 4286545791
  colorTint: {r: 1, g: 1, b: 1, a: 1}
  widthMultiplier: 1
  meshRenderer: {fileID: 2308556}
--- !u!1001 &100100000
Prefab:
  m_ObjectHideFlags: 1
  serializedVersion: 2
  m_Modification:
    m_TransformParent: {fileID: 0}
    m_Modifications: []
    m_RemovedComponents: []
  m_ParentPrefab: {fileID: 0}
  m_RootGameObject: {fileID: 166082}
  m_IsPrefabParent: 1
